<record><leader>00000cas a22000007a 4500</leader><controlfield tag="001">10279503</controlfield><controlfield tag="008">840109d18601860mouwr ne      0    0eng  </controlfield><controlfield tag="009">466</controlfield><datafield ind1=" " ind2=" " tag="010"><subfield code="a">sn 84020051 </subfield></datafield><datafield ind1=" " ind2=" " tag="040"><subfield code="a">DLC</subfield><subfield code="b">eng</subfield><subfield code="c">DLC</subfield><subfield code="d">NPT</subfield><subfield code="d">NPX</subfield><subfield code="d">MQN</subfield></datafield><datafield ind1="1" ind2=" " tag="029"><subfield code="a">AU@</subfield><subfield code="b">000025803804</subfield></datafield><datafield ind1=" " ind2=" " tag="042"><subfield code="a">msc</subfield></datafield><datafield ind1="0" ind2="0" tag="050"><subfield code="a">Newspaper 8583-X</subfield></datafield><datafield ind1="0" ind2="0" tag="245"><subfield code="a">Kansas City enquirer.</subfield></datafield><datafield ind1=" " ind2=" " tag="260"><subfield code="a">Kansas City, Mo. :</subfield><subfield code="b">Joseph Hodgson &amp; John McReynolds,</subfield><subfield code="c">1860-</subfield></datafield><datafield ind1=" " ind2=" " tag="300"><subfield code="a">v. ;</subfield><subfield code="c">68 cm.</subfield></datafield><datafield ind1=" " ind2=" " tag="310"><subfield code="a">Weekly</subfield></datafield><datafield ind1="0" ind2=" " tag="362"><subfield code="a">Vol. 1, no. 1 (Apr. 19, 1860)-</subfield></datafield><datafield ind1="1" ind2=" " tag="362"><subfield code="a">Ceased in Nov. 1860.</subfield></datafield><datafield ind1=" " ind2=" " tag="752"><subfield code="a">United States</subfield><subfield code="b">Missouri</subfield><subfield code="c">Jackson</subfield><subfield code="d">Kansas City.</subfield></datafield><datafield ind1="0" ind2="7" tag="785"><subfield code="t">Border star (Westport, Mo.)</subfield><subfield code="w">(DLC)sn 86063342</subfield></datafield><datafield ind1="0" ind2="7" tag="785"><subfield code="t">Kansas City enquirer and star</subfield><subfield code="w">(DLC)sn 86063344</subfield></datafield></record>